<record><leader>00000cas a22000007a 4500</leader><controlfield tag="001">34067893</controlfield><controlfield tag="008">960123d19101948sduwr ne      0    0eng d</controlfield><datafield ind1=" " ind2=" " tag="010"><subfield code="a">sn 95076638 </subfield></datafield><datafield ind1=" " ind2=" " tag="040"><subfield code="a">SXN</subfield><subfield code="b">eng</subfield><subfield code="c">SXN</subfield><subfield code="d">CRL</subfield><subfield code="d">OCLCQ</subfield><subfield code="d">OCLCF</subfield><subfield code="d">OCLCO</subfield></datafield><datafield ind1="1" ind2=" " tag="029"><subfield code="a">AU@</subfield><subfield code="b">000012204789</subfield></datafield><datafield ind1=" " ind2=" " tag="042"><subfield code="a">msc</subfield></datafield><datafield ind1=" " ind2=" " tag="043"><subfield code="a">n-us-sd</subfield></datafield><datafield ind1="0" ind2=" " tag="130"><subfield code="a">Isabel news (Isabel, S.D.)</subfield></datafield><datafield ind1="1" ind2="4" tag="245"><subfield code="a">The Isabel news.</subfield></datafield><datafield ind1=" " ind2=" " tag="260"><subfield code="a">Isabel, Dewey County, S.D. :</subfield><subfield code="b">L.A. Wilson,</subfield><subfield code="c">1910-1948.</subfield></datafield><datafield ind1=" " ind2=" " tag="310"><subfield code="a">Weekly</subfield></datafield><datafield ind1="0" ind2=" " tag="362"><subfield code="a">Vol. 1, no. 1 (July 7, 1910)-v. 40, no. 14 (Dec. 31, 1948).</subfield></datafield><datafield ind1=" " ind2=" " tag="530"><subfield code="a">Available on microfilm from: State Archives, South Dakota State Historical Society.</subfield></datafield><datafield ind1=" " ind2="0" tag="651"><subfield code="a">Isabel (S.D.)</subfield><subfield code="v">Newspapers.</subfield></datafield><datafield ind1=" " ind2="0" tag="651"><subfield code="a">Dewey County (S.D.)</subfield><subfield code="v">Newspapers.</subfield></datafield><datafield ind1=" " ind2="7" tag="655"><subfield code="a">Newspapers.</subfield><subfield code="2">fast</subfield><subfield code="0">(OCoLC)fst01423814</subfield></datafield><datafield ind1=" " ind2="7" tag="651"><subfield code="a">South Dakota</subfield><subfield code="z">Dewey County.</subfield><subfield code="2">fast</subfield><subfield code="0">(OCoLC)fst01208490</subfield></datafield><datafield ind1=" " ind2="7" tag="651"><subfield code="a">South Dakota</subfield><subfield code="z">Isabel.</subfield><subfield code="2">fast</subfield><subfield code="0">(OCoLC)fst01288148</subfield></datafield><datafield ind1=" " ind2=" " tag="752"><subfield code="a">United States</subfield><subfield code="b">South Dakota</subfield><subfield code="c">Dewey</subfield><subfield code="d">Isabel.</subfield></datafield><datafield ind1="0" ind2="4" tag="785"><subfield code="t">Timber Lake topic</subfield><subfield code="w">(DLC)sn 95076639</subfield></datafield></record>